%YAML 1.1
%TAG !u! tag:unity3d.com,2011:
--- !u!1 &3914260649822839916
GameObject:
  m_ObjectHideFlags: 0
  m_CorrespondingSourceObject: {fileID: 0}
  m_PrefabInstance: {fileID: 0}
  m_PrefabAsset: {fileID: 0}
  serializedVersion: 6
  m_Component:
  - component: {fileID: 3914260649822839917}
  - component: {fileID: 4773899353107360337}
  - component: {fileID: 3914260649822839919}
  - component: {fileID: 3914260649822839918}
  m_Layer: 5
  m_Name: Holder_CategoryExplorer_Item
  m_TagString: Untagged
  m_Icon: {fileID: 0}
  m_NavMeshLayer: 0
  m_StaticEditorFlags: 0
  m_IsActive: 1
--- !u!224 &3914260649822839917
RectTransform:
  m_ObjectHideFlags: 0
  m_CorrespondingSourceObject: {fileID: 0}
  m_PrefabInstance: {fileID: 0}
  m_PrefabAsset: {fileID: 0}
  m_GameObject: {fileID: 3914260649822839916}
  m_LocalRotation: {x: 0, y: 0, z: 0, w: 1}
  m_LocalPosition: {x: 0, y: 0, z: 0}
  m_LocalScale: {x: 1, y: 1, z: 1}
  m_Children:
  - {fileID: 3914260651382696198}
  - {fileID: 3914260651333318593}
  - {fileID: 8404545444534110796}
  - {fileID: 8404545442710897386}
  m_Father: {fileID: 0}
  m_RootOrder: 0
  m_LocalEulerAnglesHint: {x: 0, y: 0, z: 0}
  m_AnchorMin: {x: 0.5, y: 0.5}
  m_AnchorMax: {x: 0.5, y: 0.5}
  m_AnchoredPosition: {x: -197.50003, y: 324.8}
  m_SizeDelta: {x: 1012.3, y: 131.7}
  m_Pivot: {x: 0.5, y: 0.5}
--- !u!114 &4773899353107360337
MonoBehaviour:
  m_ObjectHideFlags: 0
  m_CorrespondingSourceObject: {fileID: 0}
  m_PrefabInstance: {fileID: 0}
  m_PrefabAsset: {fileID: 0}
  m_GameObject: {fileID: 3914260649822839916}
  m_Enabled: 1
  m_EditorHideFlags: 0
  m_Script: {fileID: 11500000, guid: e3785c2b44f465f4db4d1c211c9aa822, type: 3}
  m_Name: 
  m_EditorClassIdentifier: 
  id: 0
  categoryName: {fileID: 3914260651382696199}
  icon: {fileID: 3914260649873406933}
  Event_OnRemoveCategory: {fileID: 11400000, guid: 5ef6575641ac8a548bde99ad261e6f2d,
    type: 2}
  Event_OnEditCategory: {fileID: 11400000, guid: 301bb82d58edee143bdf22c6ba669a07,
    type: 2}
--- !u!222 &3914260649822839919
CanvasRenderer:
  m_ObjectHideFlags: 0
  m_CorrespondingSourceObject: {fileID: 0}
  m_PrefabInstance: {fileID: 0}
  m_PrefabAsset: {fileID: 0}
  m_GameObject: {fileID: 3914260649822839916}
  m_CullTransparentMesh: 0
--- !u!114 &3914260649822839918
MonoBehaviour:
  m_ObjectHideFlags: 0
  m_CorrespondingSourceObject: {fileID: 0}
  m_PrefabInstance: {fileID: 0}
  m_PrefabAsset: {fileID: 0}
  m_GameObject: {fileID: 3914260649822839916}
  m_Enabled: 1
  m_EditorHideFlags: 0
  m_Script: {fileID: -765806418, guid: f70555f144d8491a825f0804e09c671c, type: 3}
  m_Name: 
  m_EditorClassIdentifier: 
  m_Material: {fileID: 0}
  m_Color: {r: 0.8862746, g: 0.8862746, b: 0.8862746, a: 1}
  m_RaycastTarget: 1
  m_OnCullStateChanged:
    m_PersistentCalls:
      m_Calls: []
    m_TypeName: UnityEngine.UI.MaskableGraphic+CullStateChangedEvent, UnityEngine.UI,
      Version=1.0.0.0, Culture=neutral, PublicKeyToken=null
  m_Sprite: {fileID: 21300000, guid: f1015a575f7f0b14fbce3fc9cf722862, type: 3}
  m_Type: 1
  m_PreserveAspect: 0
  m_FillCenter: 1
  m_FillMethod: 4
  m_FillAmount: 1
  m_FillClockwise: 1
  m_FillOrigin: 0
--- !u!1 &3914260649873406923
GameObject:
  m_ObjectHideFlags: 0
  m_CorrespondingSourceObject: {fileID: 0}
  m_PrefabInstance: {fileID: 0}
  m_PrefabAsset: {fileID: 0}
  serializedVersion: 6
  m_Component:
  - component: {fileID: 3914260649873406932}
  - component: {fileID: 3914260649873406934}
  - component: {fileID: 3914260649873406933}
  m_Layer: 5
  m_Name: Image_Icon
  m_TagString: Untagged
  m_Icon: {fileID: 0}
  m_NavMeshLayer: 0
  m_StaticEditorFlags: 0
  m_IsActive: 1
--- !u!224 &3914260649873406932
RectTransform:
  m_ObjectHideFlags: 0
  m_CorrespondingSourceObject: {fileID: 0}
  m_PrefabInstance: {fileID: 0}
  m_PrefabAsset: {fileID: 0}
  m_GameObject: {fileID: 3914260649873406923}
  m_LocalRotation: {x: -0, y: -0, z: -0, w: 1}
  m_LocalPosition: {x: 0, y: 0, z: 0}
  m_LocalScale: {x: 1, y: 1, z: 1}
  m_Children: []
  m_Father: {fileID: 3914260651333318593}
  m_RootOrder: 0
  m_LocalEulerAnglesHint: {x: 0, y: 0, z: 0}
  m_AnchorMin: {x: 0.5, y: 0.5}
  m_AnchorMax: {x: 0.5, y: 0.5}
  m_AnchoredPosition: {x: -0.000030517578, y: 0.000030517578}
  m_SizeDelta: {x: 37.3, y: 41.1}
  m_Pivot: {x: 0.5, y: 0.5}
--- !u!222 &3914260649873406934
CanvasRenderer:
  m_ObjectHideFlags: 0
  m_CorrespondingSourceObject: {fileID: 0}
  m_PrefabInstance: {fileID: 0}
  m_PrefabAsset: {fileID: 0}
  m_GameObject: {fileID: 3914260649873406923}
  m_CullTransparentMesh: 0
--- !u!114 &3914260649873406933
MonoBehaviour:
  m_ObjectHideFlags: 0
  m_CorrespondingSourceObject: {fileID: 0}
  m_PrefabInstance: {fileID: 0}
  m_PrefabAsset: {fileID: 0}
  m_GameObject: {fileID: 3914260649873406923}
  m_Enabled: 1
  m_EditorHideFlags: 0
  m_Script: {fileID: -765806418, guid: f70555f144d8491a825f0804e09c671c, type: 3}
  m_Name: 
  m_EditorClassIdentifier: 
  m_Material: {fileID: 0}
  m_Color: {r: 1, g: 1, b: 1, a: 1}
  m_RaycastTarget: 1
  m_OnCullStateChanged:
    m_PersistentCalls:
      m_Calls: []
    m_TypeName: UnityEngine.UI.MaskableGraphic+CullStateChangedEvent, UnityEngine.UI,
      Version=1.0.0.0, Culture=neutral, PublicKeyToken=null
  m_Sprite: {fileID: 21300000, guid: 2723e5e9322770943a068c829e2ca505, type: 3}
  m_Type: 0
  m_PreserveAspect: 0
  m_FillCenter: 1
  m_FillMethod: 4
  m_FillAmount: 1
  m_FillClockwise: 1
  m_FillOrigin: 0
--- !u!1 &3914260651333318592
GameObject:
  m_ObjectHideFlags: 0
  m_CorrespondingSourceObject: {fileID: 0}
  m_PrefabInstance: {fileID: 0}
  m_PrefabAsset: {fileID: 0}
  serializedVersion: 6
  m_Component:
  - component: {fileID: 3914260651333318593}
  - component: {fileID: 3914260651333318595}
  - component: {fileID: 3914260651333318594}
  m_Layer: 5
  m_Name: Image_IconBG
  m_TagString: Untagged
  m_Icon: {fileID: 0}
  m_NavMeshLayer: 0
  m_StaticEditorFlags: 0
  m_IsActive: 1
--- !u!224 &3914260651333318593
RectTransform:
  m_ObjectHideFlags: 0
  m_CorrespondingSourceObject: {fileID: 0}
  m_PrefabInstance: {fileID: 0}
  m_PrefabAsset: {fileID: 0}
  m_GameObject: {fileID: 3914260651333318592}
  m_LocalRotation: {x: -0, y: -0, z: -0, w: 1}
  m_LocalPosition: {x: 0, y: 0, z: 0}
  m_LocalScale: {x: 1, y: 1, z: 1}
  m_Children:
  - {fileID: 3914260649873406932}
  m_Father: {fileID: 3914260649822839917}
  m_RootOrder: 1
  m_LocalEulerAnglesHint: {x: 0, y: 0, z: 0}
  m_AnchorMin: {x: 0.5, y: 0.5}
  m_AnchorMax: {x: 0.5, y: 0.5}
  m_AnchoredPosition: {x: -95.6499, y: -0.049987793}
  m_SizeDelta: {x: 99.3, y: 89.8}
  m_Pivot: {x: 0.5, y: 0.5}
--- !u!222 &3914260651333318595
CanvasRenderer:
  m_ObjectHideFlags: 0
  m_CorrespondingSourceObject: {fileID: 0}
  m_PrefabInstance: {fileID: 0}
  m_PrefabAsset: {fileID: 0}
  m_GameObject: {fileID: 3914260651333318592}
  m_CullTransparentMesh: 0
--- !u!114 &3914260651333318594
MonoBehaviour:
  m_ObjectHideFlags: 0
  m_CorrespondingSourceObject: {fileID: 0}
  m_PrefabInstance: {fileID: 0}
  m_PrefabAsset: {fileID: 0}
  m_GameObject: {fileID: 3914260651333318592}
  m_Enabled: 1
  m_EditorHideFlags: 0
  m_Script: {fileID: -765806418, guid: f70555f144d8491a825f0804e09c671c, type: 3}
  m_Name: 
  m_EditorClassIdentifier: 
  m_Material: {fileID: 0}
  m_Color: {r: 1, g: 1, b: 1, a: 1}
  m_RaycastTarget: 1
  m_OnCullStateChanged:
    m_PersistentCalls:
      m_Calls: []
    m_TypeName: UnityEngine.UI.MaskableGraphic+CullStateChangedEvent, UnityEngine.UI,
      Version=1.0.0.0, Culture=neutral, PublicKeyToken=null
  m_Sprite: {fileID: 21300000, guid: 4dde9ef7e44018f42b462efaf67fc87e, type: 3}
  m_Type: 0
  m_PreserveAspect: 0
  m_FillCenter: 1
  m_FillMethod: 4
  m_FillAmount: 1
  m_FillClockwise: 1
  m_FillOrigin: 0
--- !u!1 &3914260651382696197
GameObject:
  m_ObjectHideFlags: 0
  m_CorrespondingSourceObject: {fileID: 0}
  m_PrefabInstance: {fileID: 0}
  m_PrefabAsset: {fileID: 0}
  serializedVersion: 6
  m_Component:
  - component: {fileID: 3914260651382696198}
  - component: {fileID: 3914260651382696192}
  - component: {fileID: 3914260651382696199}
  m_Layer: 5
  m_Name: TextMeshPro_CategoryName
  m_TagString: Untagged
  m_Icon: {fileID: 0}
  m_NavMeshLayer: 0
  m_StaticEditorFlags: 0
  m_IsActive: 1
--- !u!224 &3914260651382696198
RectTransform:
  m_ObjectHideFlags: 0
  m_CorrespondingSourceObject: {fileID: 0}
  m_PrefabInstance: {fileID: 0}
  m_PrefabAsset: {fileID: 0}
  m_GameObject: {fileID: 3914260651382696197}
  m_LocalRotation: {x: -0, y: -0, z: -0, w: 1}
  m_LocalPosition: {x: 0, y: 0, z: 0}
  m_LocalScale: {x: 1, y: 1, z: 1}
  m_Children: []
  m_Father: {fileID: 3914260649822839917}
  m_RootOrder: 0
  m_LocalEulerAnglesHint: {x: 0, y: 0, z: 0}
  m_AnchorMin: {x: 0, y: 0.5}
  m_AnchorMax: {x: 0, y: 0.5}
  m_AnchoredPosition: {x: 183.42001, y: -0.000030517578}
  m_SizeDelta: {x: 307.85, y: 50}
  m_Pivot: {x: 0.5, y: 0.5}
--- !u!222 &3914260651382696192
CanvasRenderer:
  m_ObjectHideFlags: 0
  m_CorrespondingSourceObject: {fileID: 0}
  m_PrefabInstance: {fileID: 0}
  m_PrefabAsset: {fileID: 0}
  m_GameObject: {fileID: 3914260651382696197}
  m_CullTransparentMesh: 0
--- !u!114 &3914260651382696199
MonoBehaviour:
  m_ObjectHideFlags: 0
  m_CorrespondingSourceObject: {fileID: 0}
  m_PrefabInstance: {fileID: 0}
  m_PrefabAsset: {fileID: 0}
  m_GameObject: {fileID: 3914260651382696197}
  m_Enabled: 1
  m_EditorHideFlags: 0
  m_Script: {fileID: 11500000, guid: f4688fdb7df04437aeb418b961361dc5, type: 3}
  m_Name: 
  m_EditorClassIdentifier: 
  m_Material: {fileID: 0}
  m_Color: {r: 1, g: 1, b: 1, a: 1}
  m_RaycastTarget: 0
  m_OnCullStateChanged:
    m_PersistentCalls:
      m_Calls: []
    m_TypeName: UnityEngine.UI.MaskableGraphic+CullStateChangedEvent, UnityEngine.UI,
      Version=1.0.0.0, Culture=neutral, PublicKeyToken=null
  m_text: Maths
  m_isRightToLeft: 0
  m_fontAsset: {fileID: 11400000, guid: 6ad86fc584b6f6d4599ffb9d3f580c22, type: 2}
  m_sharedMaterial: {fileID: 21028224592652452, guid: 6ad86fc584b6f6d4599ffb9d3f580c22,
    type: 2}
  m_fontSharedMaterials: []
  m_fontMaterial: {fileID: 0}
  m_fontMaterials: []
  m_fontColor32:
    serializedVersion: 2
    rgba: 4284900966
  m_fontColor: {r: 0.4, g: 0.4, b: 0.4, a: 1}
  m_enableVertexGradient: 0
  m_fontColorGradient:
    topLeft: {r: 1, g: 1, b: 1, a: 1}
    topRight: {r: 1, g: 1, b: 1, a: 1}
    bottomLeft: {r: 1, g: 1, b: 1, a: 1}
    bottomRight: {r: 1, g: 1, b: 1, a: 1}
  m_fontColorGradientPreset: {fileID: 0}
  m_spriteAsset: {fileID: 0}
  m_tintAllSprites: 0
  m_overrideHtmlColors: 0
  m_faceColor:
    serializedVersion: 2
    rgba: 4294967295
  m_outlineColor:
    serializedVersion: 2
    rgba: 4278190080
  m_fontSize: 36
  m_fontSizeBase: 36
  m_fontWeight: 400
  m_enableAutoSizing: 0
  m_fontSizeMin: 18
  m_fontSizeMax: 72
  m_fontStyle: 0
  m_textAlignment: 513
  m_isAlignmentEnumConverted: 1
  m_characterSpacing: 0
  m_wordSpacing: 0
  m_lineSpacing: 0
  m_lineSpacingMax: 0
  m_paragraphSpacing: 0
  m_charWidthMaxAdj: 0
  m_enableWordWrapping: 1
  m_wordWrappingRatios: 0.4
  m_overflowMode: 0
  m_firstOverflowCharacterIndex: 0
  m_linkedTextComponent: {fileID: 0}
  m_isLinkedTextComponent: 0
  m_enableKerning: 1
  m_enableExtraPadding: 0
  checkPaddingRequired: 0
  m_isRichText: 1
  m_parseCtrlCharacters: 1
  m_isOrthographic: 1
  m_isCullingEnabled: 0
  m_ignoreRectMaskCulling: 0
  m_ignoreCulling: 1
  m_horizontalMapping: 0
  m_verticalMapping: 0
  m_uvLineOffset: 0
  m_geometrySortingOrder: 0
  m_firstVisibleCharacter: 0
  m_useMaxVisibleDescender: 1
  m_pageToDisplay: 1
  m_margin: {x: 0, y: 0, z: 0, w: 0}
  m_textInfo:
    textComponent: {fileID: 3914260651382696199}
    characterCount: 5
    spriteCount: 0
    spaceCount: 0
    wordCount: 1
    linkCount: 0
    lineCount: 1
    pageCount: 1
    materialCount: 1
  m_havePropertiesChanged: 0
  m_isUsingLegacyAnimationComponent: 0
  m_isVolumetricText: 0
  m_spriteAnimator: {fileID: 0}
  m_isInputParsingRequired: 0
  m_inputSource: 0
  m_hasFontAssetChanged: 0
  m_subTextObjects:
  - {fileID: 0}
  - {fileID: 0}
  - {fileID: 0}
  - {fileID: 0}
  - {fileID: 0}
  - {fileID: 0}
  - {fileID: 0}
  - {fileID: 0}
  m_baseMaterial: {fileID: 0}
  m_maskOffset: {x: 0, y: 0, z: 0, w: 0}
--- !u!1 &5650167035624749770 stripped
GameObject:
  m_CorrespondingSourceObject: {fileID: 8663610294963920879, guid: 22c99aa717143d447aab6782025a75dd,
    type: 3}
  m_PrefabInstance: {fileID: 3914260651848312101}
  m_PrefabAsset: {fileID: 0}
--- !u!224 &8404545442710897386 stripped
RectTransform:
  m_CorrespondingSourceObject: {fileID: 4823582662194915279, guid: 22c99aa717143d447aab6782025a75dd,
    type: 3}
  m_PrefabInstance: {fileID: 3914260651848312101}
  m_PrefabAsset: {fileID: 0}
--- !u!114 &3698757481242200604 stripped
MonoBehaviour:
  m_CorrespondingSourceObject: {fileID: 362151676430757689, guid: 22c99aa717143d447aab6782025a75dd,
    type: 3}
  m_PrefabInstance: {fileID: 3914260651848312101}
  m_PrefabAsset: {fileID: 0}
  m_Script: {fileID: -765806418, guid: f70555f144d8491a825f0804e09c671c, type: 3}
--- !u!114 &678093500606635171
MonoBehaviour:
  m_ObjectHideFlags: 0
  m_CorrespondingSourceObject: {fileID: 0}
  m_PrefabInstance: {fileID: 0}
  m_PrefabAsset: {fileID: 0}
  m_GameObject: {fileID: 5650167035624749770}
  m_Enabled: 1
  m_EditorHideFlags: 0
  m_Script: {fileID: 1392445389, guid: f70555f144d8491a825f0804e09c671c, type: 3}
  m_Name: 
  m_EditorClassIdentifier: 
  m_Navigation:
    m_Mode: 3
    m_SelectOnUp: {fileID: 0}
    m_SelectOnDown: {fileID: 0}
    m_SelectOnLeft: {fileID: 0}
    m_SelectOnRight: {fileID: 0}
  m_Transition: 1
  m_Colors:
    m_NormalColor: {r: 1, g: 1, b: 1, a: 1}
    m_HighlightedColor: {r: 0.9607843, g: 0.9607843, b: 0.9607843, a: 1}
    m_PressedColor: {r: 0.78431374, g: 0.78431374, b: 0.78431374, a: 1}
    m_DisabledColor: {r: 0.78431374, g: 0.78431374, b: 0.78431374, a: 0.5019608}
    m_ColorMultiplier: 1
    m_FadeDuration: 0.1
  m_SpriteState:
    m_HighlightedSprite: {fileID: 0}
    m_PressedSprite: {fileID: 0}
    m_DisabledSprite: {fileID: 0}
  m_AnimationTriggers:
    m_NormalTrigger: Normal
    m_HighlightedTrigger: Highlighted
    m_PressedTrigger: Pressed
    m_DisabledTrigger: Disabled
  m_Interactable: 1
  m_TargetGraphic: {fileID: 3698757481242200604}
  m_OnClick:
    m_PersistentCalls:
      m_Calls:
      - m_Target: {fileID: 4773899353107360337}
        m_MethodName: RemoveCategory
        m_Mode: 1
        m_Arguments:
          m_ObjectArgument: {fileID: 0}
          m_ObjectArgumentAssemblyTypeName: UnityEngine.Object, UnityEngine
          m_IntArgument: 0
          m_FloatArgument: 0
          m_StringArgument: 
          m_BoolArgument: 0
        m_CallState: 2
    m_TypeName: UnityEngine.UI.Button+ButtonClickedEvent, UnityEngine.UI, Version=1.0.0.0,
      Culture=neutral, PublicKeyToken=null
--- !u!1 &5650167036487463532 stripped
GameObject:
  m_CorrespondingSourceObject: {fileID: 8663610294963920879, guid: 22c99aa717143d447aab6782025a75dd,
    type: 3}
  m_PrefabInstance: {fileID: 3914260649920245123}
  m_PrefabAsset: {fileID: 0}
--- !u!224 &8404545444534110796 stripped
RectTransform:
  m_CorrespondingSourceObject: {fileID: 4823582662194915279, guid: 22c99aa717143d447aab6782025a75dd,
    type: 3}
  m_PrefabInstance: {fileID: 3914260649920245123}
  m_PrefabAsset: {fileID: 0}
--- !u!114 &3698757482533782202 stripped
MonoBehaviour:
  m_CorrespondingSourceObject: {fileID: 362151676430757689, guid: 22c99aa717143d447aab6782025a75dd,
    type: 3}
  m_PrefabInstance: {fileID: 3914260649920245123}
  m_PrefabAsset: {fileID: 0}
  m_Script: {fileID: -765806418, guid: f70555f144d8491a825f0804e09c671c, type: 3}
--- !u!114 &2265701904193154098
MonoBehaviour:
  m_ObjectHideFlags: 0
  m_CorrespondingSourceObject: {fileID: 0}
  m_PrefabInstance: {fileID: 0}
  m_PrefabAsset: {fileID: 0}
  m_GameObject: {fileID: 5650167036487463532}
  m_Enabled: 1
  m_EditorHideFlags: 0
  m_Script: {fileID: 1392445389, guid: f70555f144d8491a825f0804e09c671c, type: 3}
  m_Name: 
  m_EditorClassIdentifier: 
  m_Navigation:
    m_Mode: 3
    m_SelectOnUp: {fileID: 0}
    m_SelectOnDown: {fileID: 0}
    m_SelectOnLeft: {fileID: 0}
    m_SelectOnRight: {fileID: 0}
  m_Transition: 1
  m_Colors:
    m_NormalColor: {r: 1, g: 1, b: 1, a: 1}
    m_HighlightedColor: {r: 0.9607843, g: 0.9607843, b: 0.9607843, a: 1}
    m_PressedColor: {r: 0.78431374, g: 0.78431374, b: 0.78431374, a: 1}
    m_DisabledColor: {r: 0.78431374, g: 0.78431374, b: 0.78431374, a: 0.5019608}
    m_ColorMultiplier: 1
    m_FadeDuration: 0.1
  m_SpriteState:
    m_HighlightedSprite: {fileID: 0}
    m_PressedSprite: {fileID: 0}
    m_DisabledSprite: {fileID: 0}
  m_AnimationTriggers:
    m_NormalTrigger: Normal
    m_HighlightedTrigger: Highlighted
    m_PressedTrigger: Pressed
    m_DisabledTrigger: Disabled
  m_Interactable: 1
  m_TargetGraphic: {fileID: 3698757482533782202}
  m_OnClick:
    m_PersistentCalls:
      m_Calls:
      - m_Target: {fileID: 4773899353107360337}
        m_MethodName: EditCategory
        m_Mode: 1
        m_Arguments:
          m_ObjectArgument: {fileID: 0}
          m_ObjectArgumentAssemblyTypeName: UnityEngine.Object, UnityEngine
          m_IntArgument: 0
          m_FloatArgument: 0
          m_StringArgument: 
          m_BoolArgument: 0
        m_CallState: 2
    m_TypeName: UnityEngine.UI.Button+ButtonClickedEvent, UnityEngine.UI, Version=1.0.0.0,
      Culture=neutral, PublicKeyToken=null
--- !u!1001 &3914260649920245123
PrefabInstance:
  m_ObjectHideFlags: 0
  m_Modification:
    m_TransformParent: {fileID: 3914260649822839917}
    m_Modifications:
    - target: {fileID: 4823582662194915279, guid: 22c99aa717143d447aab6782025a75dd,
        type: 3}
      propertyPath: m_LocalPosition.x
      value: 0
      objectReference: {fileID: 0}
    - target: {fileID: 4823582662194915279, guid: 22c99aa717143d447aab6782025a75dd,
        type: 3}
      propertyPath: m_LocalPosition.y
      value: 0
      objectReference: {fileID: 0}
    - target: {fileID: 4823582662194915279, guid: 22c99aa717143d447aab6782025a75dd,
        type: 3}
      propertyPath: m_LocalPosition.z
      value: 0
      objectReference: {fileID: 0}
    - target: {fileID: 4823582662194915279, guid: 22c99aa717143d447aab6782025a75dd,
        type: 3}
      propertyPath: m_LocalRotation.x
      value: -0
      objectReference: {fileID: 0}
    - target: {fileID: 4823582662194915279, guid: 22c99aa717143d447aab6782025a75dd,
        type: 3}
      propertyPath: m_LocalRotation.y
      value: -0
      objectReference: {fileID: 0}
    - target: {fileID: 4823582662194915279, guid: 22c99aa717143d447aab6782025a75dd,
        type: 3}
      propertyPath: m_LocalRotation.z
      value: -0
      objectReference: {fileID: 0}
    - target: {fileID: 4823582662194915279, guid: 22c99aa717143d447aab6782025a75dd,
        type: 3}
      propertyPath: m_LocalRotation.w
      value: 1
      objectReference: {fileID: 0}
    - target: {fileID: 4823582662194915279, guid: 22c99aa717143d447aab6782025a75dd,
        type: 3}
      propertyPath: m_RootOrder
      value: 2
      objectReference: {fileID: 0}
    - target: {fileID: 4823582662194915279, guid: 22c99aa717143d447aab6782025a75dd,
        type: 3}
      propertyPath: m_LocalEulerAnglesHint.x
      value: 0
      objectReference: {fileID: 0}
    - target: {fileID: 4823582662194915279, guid: 22c99aa717143d447aab6782025a75dd,
        type: 3}
      propertyPath: m_LocalEulerAnglesHint.y
      value: 0
      objectReference: {fileID: 0}
    - target: {fileID: 4823582662194915279, guid: 22c99aa717143d447aab6782025a75dd,
        type: 3}
      propertyPath: m_LocalEulerAnglesHint.z
      value: 0
      objectReference: {fileID: 0}
    - target: {fileID: 4823582662194915279, guid: 22c99aa717143d447aab6782025a75dd,
        type: 3}
      propertyPath: m_AnchoredPosition.x
      value: -291.74997
      objectReference: {fileID: 0}
    - target: {fileID: 4823582662194915279, guid: 22c99aa717143d447aab6782025a75dd,
        type: 3}
      propertyPath: m_AnchoredPosition.y
      value: -0.000030517578
      objectReference: {fileID: 0}
    - target: {fileID: 4823582662194915279, guid: 22c99aa717143d447aab6782025a75dd,
        type: 3}
      propertyPath: m_SizeDelta.x
      value: 90.8
      objectReference: {fileID: 0}
    - target: {fileID: 4823582662194915279, guid: 22c99aa717143d447aab6782025a75dd,
        type: 3}
      propertyPath: m_SizeDelta.y
      value: 50
      objectReference: {fileID: 0}
    - target: {fileID: 4823582662194915279, guid: 22c99aa717143d447aab6782025a75dd,
        type: 3}
      propertyPath: m_AnchorMin.x
      value: 1
      objectReference: {fileID: 0}
    - target: {fileID: 4823582662194915279, guid: 22c99aa717143d447aab6782025a75dd,
        type: 3}
      propertyPath: m_AnchorMin.y
      value: 0.5
      objectReference: {fileID: 0}
    - target: {fileID: 4823582662194915279, guid: 22c99aa717143d447aab6782025a75dd,
        type: 3}
      propertyPath: m_AnchorMax.x
      value: 1
      objectReference: {fileID: 0}
    - target: {fileID: 4823582662194915279, guid: 22c99aa717143d447aab6782025a75dd,
        type: 3}
      propertyPath: m_AnchorMax.y
      value: 0.5
      objectReference: {fileID: 0}
    - target: {fileID: 4823582662194915279, guid: 22c99aa717143d447aab6782025a75dd,
        type: 3}
      propertyPath: m_Pivot.x
      value: 0.5
      objectReference: {fileID: 0}
    - target: {fileID: 4823582662194915279, guid: 22c99aa717143d447aab6782025a75dd,
        type: 3}
      propertyPath: m_Pivot.y
      value: 0.5
      objectReference: {fileID: 0}
    - target: {fileID: 8663610294963920879, guid: 22c99aa717143d447aab6782025a75dd,
        type: 3}
      propertyPath: m_Name
      value: Button_Edit
      objectReference: {fileID: 0}
    - target: {fileID: 5060570982856059272, guid: 22c99aa717143d447aab6782025a75dd,
        type: 3}
      propertyPath: m_Name
      value: TextMeshPro_Edit
      objectReference: {fileID: 0}
    - target: {fileID: 3206797968627068097, guid: 22c99aa717143d447aab6782025a75dd,
        type: 3}
      propertyPath: m_text
      value: Edit
      objectReference: {fileID: 0}
    - target: {fileID: 3206797968627068097, guid: 22c99aa717143d447aab6782025a75dd,
        type: 3}
      propertyPath: m_textInfo.characterCount
      value: 4
      objectReference: {fileID: 0}
    - target: {fileID: 3206797968627068097, guid: 22c99aa717143d447aab6782025a75dd,
        type: 3}
      propertyPath: m_textInfo.spaceCount
      value: 0
      objectReference: {fileID: 0}
    - target: {fileID: 7261599705137368108, guid: 22c99aa717143d447aab6782025a75dd,
        type: 3}
      propertyPath: m_AnchoredPosition.x
      value: 0.000030518
      objectReference: {fileID: 0}
    - target: {fileID: 7261599705137368108, guid: 22c99aa717143d447aab6782025a75dd,
        type: 3}
      propertyPath: m_SizeDelta.x
      value: 65.4
      objectReference: {fileID: 0}
    - target: {fileID: 7261599705137368108, guid: 22c99aa717143d447aab6782025a75dd,
        type: 3}
      propertyPath: m_AnchoredPosition.y
      value: 0
      objectReference: {fileID: 0}
    - target: {fileID: 7261599705137368108, guid: 22c99aa717143d447aab6782025a75dd,
        type: 3}
      propertyPath: m_SizeDelta.y
      value: 28.5
      objectReference: {fileID: 0}
    - target: {fileID: 362151676430757689, guid: 22c99aa717143d447aab6782025a75dd,
        type: 3}
      propertyPath: m_Color.r
      value: 0.2392157
      objectReference: {fileID: 0}
    - target: {fileID: 362151676430757689, guid: 22c99aa717143d447aab6782025a75dd,
        type: 3}
      propertyPath: m_Color.g
      value: 0.5058824
      objectReference: {fileID: 0}
    - target: {fileID: 362151676430757689, guid: 22c99aa717143d447aab6782025a75dd,
        type: 3}
      propertyPath: m_Color.b
      value: 0.6039216
      objectReference: {fileID: 0}
    - target: {fileID: 3206797968627068097, guid: 22c99aa717143d447aab6782025a75dd,
        type: 3}
      propertyPath: m_textAlignment
      value: 514
      objectReference: {fileID: 0}
    - target: {fileID: 3206797968627068097, guid: 22c99aa717143d447aab6782025a75dd,
        type: 3}
      propertyPath: m_fontSize
      value: 35
      objectReference: {fileID: 0}
    - target: {fileID: 3206797968627068097, guid: 22c99aa717143d447aab6782025a75dd,
        type: 3}
      propertyPath: m_fontSizeBase
      value: 35
      objectReference: {fileID: 0}
    - target: {fileID: 3206797968627068097, guid: 22c99aa717143d447aab6782025a75dd,
        type: 3}
      propertyPath: m_firstOverflowCharacterIndex
      value: 0
      objectReference: {fileID: 0}
    - target: {fileID: 3206797968627068097, guid: 22c99aa717143d447aab6782025a75dd,
        type: 3}
      propertyPath: m_havePropertiesChanged
      value: 0
      objectReference: {fileID: 0}
    - target: {fileID: 3206797968627068097, guid: 22c99aa717143d447aab6782025a75dd,
        type: 3}
      propertyPath: m_isInputParsingRequired
      value: 0
      objectReference: {fileID: 0}
    - target: {fileID: 3206797968627068097, guid: 22c99aa717143d447aab6782025a75dd,
        type: 3}
      propertyPath: m_fontColor.r
      value: 1
      objectReference: {fileID: 0}
    - target: {fileID: 3206797968627068097, guid: 22c99aa717143d447aab6782025a75dd,
        type: 3}
      propertyPath: m_fontColor.g
      value: 1
      objectReference: {fileID: 0}
    - target: {fileID: 3206797968627068097, guid: 22c99aa717143d447aab6782025a75dd,
        type: 3}
      propertyPath: m_fontColor.b
      value: 1
      objectReference: {fileID: 0}
    - target: {fileID: 3206797968627068097, guid: 22c99aa717143d447aab6782025a75dd,
        type: 3}
      propertyPath: m_fontColor32.rgba
      value: 4294967295
      objectReference: {fileID: 0}
    m_RemovedComponents: []
  m_SourcePrefab: {fileID: 100100000, guid: 22c99aa717143d447aab6782025a75dd, type: 3}
--- !u!1001 &3914260651848312101
PrefabInstance:
  m_ObjectHideFlags: 0
  m_Modification:
    m_TransformParent: {fileID: 3914260649822839917}
    m_Modifications:
    - target: {fileID: 4823582662194915279, guid: 22c99aa717143d447aab6782025a75dd,
        type: 3}
      propertyPath: m_LocalPosition.x
      value: 0
      objectReference: {fileID: 0}
    - target: {fileID: 4823582662194915279, guid: 22c99aa717143d447aab6782025a75dd,
        type: 3}
      propertyPath: m_LocalPosition.y
      value: 0
      objectReference: {fileID: 0}
    - target: {fileID: 4823582662194915279, guid: 22c99aa717143d447aab6782025a75dd,
        type: 3}
      propertyPath: m_LocalPosition.z
      value: 0
      objectReference: {fileID: 0}
    - target: {fileID: 4823582662194915279, guid: 22c99aa717143d447aab6782025a75dd,
        type: 3}
      propertyPath: m_LocalRotation.x
      value: -0
      objectReference: {fileID: 0}
    - target: {fileID: 4823582662194915279, guid: 22c99aa717143d447aab6782025a75dd,
        type: 3}
      propertyPath: m_LocalRotation.y
      value: -0
      objectReference: {fileID: 0}
    - target: {fileID: 4823582662194915279, guid: 22c99aa717143d447aab6782025a75dd,
        type: 3}
      propertyPath: m_LocalRotation.z
      value: -0
      objectReference: {fileID: 0}
    - target: {fileID: 4823582662194915279, guid: 22c99aa717143d447aab6782025a75dd,
        type: 3}
      propertyPath: m_LocalRotation.w
      value: 1
      objectReference: {fileID: 0}
    - target: {fileID: 4823582662194915279, guid: 22c99aa717143d447aab6782025a75dd,
        type: 3}
      propertyPath: m_RootOrder
      value: 3
      objectReference: {fileID: 0}
    - target: {fileID: 4823582662194915279, guid: 22c99aa717143d447aab6782025a75dd,
        type: 3}
      propertyPath: m_LocalEulerAnglesHint.x
      value: 0
      objectReference: {fileID: 0}
    - target: {fileID: 4823582662194915279, guid: 22c99aa717143d447aab6782025a75dd,
        type: 3}
      propertyPath: m_LocalEulerAnglesHint.y
      value: 0
      objectReference: {fileID: 0}
    - target: {fileID: 4823582662194915279, guid: 22c99aa717143d447aab6782025a75dd,
        type: 3}
      propertyPath: m_LocalEulerAnglesHint.z
      value: 0
      objectReference: {fileID: 0}
    - target: {fileID: 4823582662194915279, guid: 22c99aa717143d447aab6782025a75dd,
        type: 3}
      propertyPath: m_AnchoredPosition.x
      value: -159.29993
      objectReference: {fileID: 0}
    - target: {fileID: 4823582662194915279, guid: 22c99aa717143d447aab6782025a75dd,
        type: 3}
      propertyPath: m_AnchoredPosition.y
      value: -0.000030517578
      objectReference: {fileID: 0}
    - target: {fileID: 4823582662194915279, guid: 22c99aa717143d447aab6782025a75dd,
        type: 3}
      propertyPath: m_SizeDelta.x
      value: 174.10004
      objectReference: {fileID: 0}
    - target: {fileID: 4823582662194915279, guid: 22c99aa717143d447aab6782025a75dd,
        type: 3}
      propertyPath: m_SizeDelta.y
      value: 50
      objectReference: {fileID: 0}
    - target: {fileID: 4823582662194915279, guid: 22c99aa717143d447aab6782025a75dd,
        type: 3}
      propertyPath: m_AnchorMin.x
      value: 1
      objectReference: {fileID: 0}
    - target: {fileID: 4823582662194915279, guid: 22c99aa717143d447aab6782025a75dd,
        type: 3}
      propertyPath: m_AnchorMin.y
      value: 0.5
      objectReference: {fileID: 0}
    - target: {fileID: 4823582662194915279, guid: 22c99aa717143d447aab6782025a75dd,
        type: 3}
      propertyPath: m_AnchorMax.x
      value: 1
      objectReference: {fileID: 0}
    - target: {fileID: 4823582662194915279, guid: 22c99aa717143d447aab6782025a75dd,
        type: 3}
      propertyPath: m_AnchorMax.y
      value: 0.5
      objectReference: {fileID: 0}
    - target: {fileID: 4823582662194915279, guid: 22c99aa717143d447aab6782025a75dd,
        type: 3}
      propertyPath: m_Pivot.x
      value: 0.5
      objectReference: {fileID: 0}
    - target: {fileID: 4823582662194915279, guid: 22c99aa717143d447aab6782025a75dd,
        type: 3}
      propertyPath: m_Pivot.y
      value: 0.5
      objectReference: {fileID: 0}
    - target: {fileID: 8663610294963920879, guid: 22c99aa717143d447aab6782025a75dd,
        type: 3}
      propertyPath: m_Name
      value: Button_Remove
      objectReference: {fileID: 0}
    - target: {fileID: 5060570982856059272, guid: 22c99aa717143d447aab6782025a75dd,
        type: 3}
      propertyPath: m_Name
      value: TextMeshPro_Remove
      objectReference: {fileID: 0}
    - target: {fileID: 3206797968627068097, guid: 22c99aa717143d447aab6782025a75dd,
        type: 3}
      propertyPath: m_text
      value: Remove
      objectReference: {fileID: 0}
    - target: {fileID: 3206797968627068097, guid: 22c99aa717143d447aab6782025a75dd,
        type: 3}
      propertyPath: m_textInfo.characterCount
      value: 6
      objectReference: {fileID: 0}
    - target: {fileID: 3206797968627068097, guid: 22c99aa717143d447aab6782025a75dd,
        type: 3}
      propertyPath: m_textInfo.spaceCount
      value: 0
      objectReference: {fileID: 0}
    - target: {fileID: 7261599705137368108, guid: 22c99aa717143d447aab6782025a75dd,
        type: 3}
      propertyPath: m_AnchoredPosition.x
      value: -0.000005722
      objectReference: {fileID: 0}
    - target: {fileID: 7261599705137368108, guid: 22c99aa717143d447aab6782025a75dd,
        type: 3}
      propertyPath: m_SizeDelta.x
      value: 174.4
      objectReference: {fileID: 0}
    - target: {fileID: 7261599705137368108, guid: 22c99aa717143d447aab6782025a75dd,
        type: 3}
      propertyPath: m_AnchoredPosition.y
      value: 0
      objectReference: {fileID: 0}
    - target: {fileID: 7261599705137368108, guid: 22c99aa717143d447aab6782025a75dd,
        type: 3}
      propertyPath: m_SizeDelta.y
      value: 28.5
      objectReference: {fileID: 0}
    - target: {fileID: 362151676430757689, guid: 22c99aa717143d447aab6782025a75dd,
        type: 3}
      propertyPath: m_Color.r
      value: 0.6039216
      objectReference: {fileID: 0}
    - target: {fileID: 362151676430757689, guid: 22c99aa717143d447aab6782025a75dd,
        type: 3}
      propertyPath: m_Color.g
      value: 0.2604807
      objectReference: {fileID: 0}
    - target: {fileID: 362151676430757689, guid: 22c99aa717143d447aab6782025a75dd,
        type: 3}
      propertyPath: m_Color.b
      value: 0.23921567
      objectReference: {fileID: 0}
    - target: {fileID: 3206797968627068097, guid: 22c99aa717143d447aab6782025a75dd,
        type: 3}
      propertyPath: m_textAlignment
      value: 514
      objectReference: {fileID: 0}
    - target: {fileID: 3206797968627068097, guid: 22c99aa717143d447aab6782025a75dd,
        type: 3}
      propertyPath: m_fontSize
      value: 35
      objectReference: {fileID: 0}
    - target: {fileID: 3206797968627068097, guid: 22c99aa717143d447aab6782025a75dd,
        type: 3}
      propertyPath: m_fontSizeBase
      value: 35
      objectReference: {fileID: 0}
    - target: {fileID: 3206797968627068097, guid: 22c99aa717143d447aab6782025a75dd,
        type: 3}
      propertyPath: m_firstOverflowCharacterIndex
      value: 0
      objectReference: {fileID: 0}
    - target: {fileID: 3206797968627068097, guid: 22c99aa717143d447aab6782025a75dd,
        type: 3}
      propertyPath: m_havePropertiesChanged
      value: 0
      objectReference: {fileID: 0}
    - target: {fileID: 3206797968627068097, guid: 22c99aa717143d447aab6782025a75dd,
        type: 3}
      propertyPath: m_isInputParsingRequired
      value: 0
      objectReference: {fileID: 0}
    - target: {fileID: 3206797968627068097, guid: 22c99aa717143d447aab6782025a75dd,
        type: 3}
      propertyPath: m_textInfo.lineCount
      value: 1
      objectReference: {fileID: 0}
    - target: {fileID: 3206797968627068097, guid: 22c99aa717143d447aab6782025a75dd,
        type: 3}
      propertyPath: m_fontColor.r
      value: 1
      objectReference: {fileID: 0}
    - target: {fileID: 3206797968627068097, guid: 22c99aa717143d447aab6782025a75dd,
        type: 3}
      propertyPath: m_fontColor.g
      value: 1
      objectReference: {fileID: 0}
    - target: {fileID: 3206797968627068097, guid: 22c99aa717143d447aab6782025a75dd,
        type: 3}
      propertyPath: m_fontColor.b
      value: 1
      objectReference: {fileID: 0}
    - target: {fileID: 3206797968627068097, guid: 22c99aa717143d447aab6782025a75dd,
        type: 3}
      propertyPath: m_fontColor32.rgba
      value: 4294967295
      objectReference: {fileID: 0}
    m_RemovedComponents: []
  m_SourcePrefab: {fileID: 100100000, guid: 22c99aa717143d447aab6782025a75dd, type: 3}
